@article{?, title={??}, author={??}, year={????}, journal={????}}

%deeplearning book
@book{Goodfellow-et-al-2016,
	title={Deep Learning},
	author={Ian Goodfellow and Yoshua Bengio and Aaron Courville},
	publisher={MIT Press},
	note={\url{http://www.deeplearningbook.org}},
	year={2016}
}

@book{graves2012supervised,
	author    = {Alex Graves},
	title     = {Supervised Sequence Labelling with Recurrent Neural Networks},
	series    = {Studies in Computational Intelligence},
	volume    = {385},
	publisher = {Springer},
	year      = {2012},
	url       = {http://dx.doi.org/10.1007/978-3-642-24797-2},
	doi       = {10.1007/978-3-642-24797-2},
	isbn      = {978-3-642-24796-5},
	timestamp = {Tue, 20 Mar 2012 09:00:13 +0100},
	biburl    = {http://dblp.uni-trier.de/rec/bib/series/sci/2012-385},
	bibsource = {dblp computer science bibliography, http://dblp.org}
}

%lstm
@phdthesis{hochreiter1991untersuchungen,
	title={Untersuchungen zu dynamischen neuronalen Netzen},
	author={Hochreiter, Sepp},
	year={1991},
	school={diploma thesis, institut f{\"u}r informatik, lehrstuhl prof. brauer, technische universit{\"a}t m{\"u}nchen}
}

@article{bengio1994learning,
	author    = {Yoshua Bengio and
	Patrice Y. Simard and
	Paolo Frasconi},
	title     = {Learning long-term dependencies with gradient descent is difficult},
	journal   = {{IEEE} Trans. Neural Networks},
	volume    = {5},
	number    = {2},
	pages     = {157--166},
	year      = {1994},
	url       = {http://dx.doi.org/10.1109/72.279181},
	doi       = {10.1109/72.279181},
	timestamp = {Wed, 09 Mar 2016 15:40:57 +0100},
	biburl    = {http://dblp.uni-trier.de/rec/bib/journals/tnn/BengioSF94},
	bibsource = {dblp computer science bibliography, http://dblp.org}
}


@article{hochreiter1997long,
	author    = {Sepp Hochreiter and
	J{\"{u}}rgen Schmidhuber},
	title     = {Long Short-Term Memory},
	journal   = {Neural Computation},
	volume    = {9},
	number    = {8},
	pages     = {1735--1780},
	year      = {1997},
	url       = {http://dx.doi.org/10.1162/neco.1997.9.8.1735},
	doi       = {10.1162/neco.1997.9.8.1735},
	timestamp = {Thu, 17 Nov 2011 16:24:23 +0100},
	biburl    = {http://dblp.uni-trier.de/rec/bib/journals/neco/HochreiterS97},
	bibsource = {dblp computer science bibliography, http://dblp.org}
}

@article{gers2001lstm,
	author    = {Felix A. Gers and
	J{\"{u}}rgen Schmidhuber},
	title     = {{LSTM} recurrent networks learn simple context-free and context-sensitive
	languages},
	journal   = {{IEEE} Trans. Neural Networks},
	volume    = {12},
	number    = {6},
	pages     = {1333--1340},
	year      = {2001},
	url       = {http://dx.doi.org/10.1109/72.963769},
	doi       = {10.1109/72.963769},
	timestamp = {Wed, 09 Mar 2016 15:41:00 +0100},
	biburl    = {http://dblp.uni-trier.de/rec/bib/journals/tnn/GersS01},
	bibsource = {dblp computer science bibliography, http://dblp.org}
}

@article{gers2000learning,
	author    = {Felix A. Gers and
	J{\"{u}}rgen Schmidhuber and
	Fred A. Cummins},
	title     = {Learning to Forget: Continual Prediction with {LSTM}},
	journal   = {Neural Computation},
	volume    = {12},
	number    = {10},
	pages     = {2451--2471},
	year      = {2000},
	url       = {http://dx.doi.org/10.1162/089976600300015015},
	doi       = {10.1162/089976600300015015},
	timestamp = {Thu, 17 Nov 2011 16:24:23 +0100},
	biburl    = {http://dblp.uni-trier.de/rec/bib/journals/neco/GersSC00},
	bibsource = {dblp computer science bibliography, http://dblp.org}
}

@article{gers2002learning,
	author    = {Felix A. Gers and
	Nicol N. Schraudolph and
	J{\"{u}}rgen Schmidhuber},
	title     = {Learning Precise Timing with {LSTM} Recurrent Networks},
	journal   = {Journal of Machine Learning Research},
	volume    = {3},
	pages     = {115--143},
	year      = {2002},
	url       = {http://www.jmlr.org/papers/v3/gers02a.html},
	timestamp = {Thu, 05 Feb 2004 13:43:02 +0100},
	biburl    = {http://dblp.uni-trier.de/rec/bib/journals/jmlr/GersSS02},
	bibsource = {dblp computer science bibliography, http://dblp.org}
}

% Machine learning
@article{forney1973viterbi,
	title={The viterbi algorithm},
	author={Forney, G David},
	journal={Proceedings of the IEEE},
	volume={61},
	number={3},
	pages={268--278},
	year={1973},
	publisher={IEEE}
}


@inproceedings{CRF-ICML:01,
	author    = {John D. Lafferty and
	Andrew McCallum and
	Fernando C. N. Pereira},
	title     = {Conditional Random Fields: Probabilistic Models for Segmenting and
	Labeling Sequence Data},
	booktitle = {Proceedings of the Eighteenth International Conference on Machine
	Learning {(ICML} 2001), Williams College, Williamstown, MA, USA, June
	28 - July 1, 2001},
	pages     = {282--289},
	year      = {2001},
	crossref  = {DBLP:conf/icml/2001},
	timestamp = {Wed, 27 Nov 2002 10:53:35 +0100},
	biburl    = {http://dblp.uni-trier.de/rec/bib/conf/icml/LaffertyMP01},
	bibsource = {dblp computer science bibliography, http://dblp.org}
}

@article{cortes1995support,
  author    = {Corinna Cortes and
  Vladimir Vapnik},
  title     = {Support-Vector Networks},
  journal   = {Machine Learning},
  volume    = {20},
  number    = {3},
  pages     = {273--297},
  year      = {1995},
  url       = {http://dx.doi.org/10.1007/BF00994018},
  doi       = {10.1007/BF00994018},
  timestamp = {Thu, 26 May 2011 15:25:06 +0200},
  biburl    = {http://dblp.uni-trier.de/rec/bib/journals/ml/CortesV95},
  bibsource = {dblp computer science bibliography, http://dblp.org}
}

@inproceedings{mccallum2000maximum,
  author    = {Andrew McCallum and
  Dayne Freitag and
  Fernando C. N. Pereira},
  title     = {Maximum Entropy Markov Models for Information Extraction and Segmentation},
  booktitle = {Proceedings of the Seventeenth International Conference on Machine
  Learning {(ICML} 2000), Stanford University, Stanford, CA, USA, June
  29 - July 2, 2000},
  pages     = {591--598},
  year      = {2000},
  crossref  = {DBLP:conf/icml/2000},
  timestamp = {Sun, 21 Feb 2010 20:54:50 +0100},
  biburl    = {http://dblp.uni-trier.de/rec/bib/conf/icml/McCallumFP00},
  bibsource = {dblp computer science bibliography, http://dblp.org}
}

@article{guiasu1985principle,
  title={The principle of maximum entropy},
  author={Guiasu, Silviu and Shenitzer, Abe},
  journal={The mathematical intelligencer},
  volume={7},
  number={1},
  pages={42--48},
  year={1985},
  publisher={Springer}
}

@article{rabiner1989tutorial,
  title={A tutorial on hidden Markov models and selected applications in speech recognition},
  author={Rabiner, Lawrence R},
  journal={Proceedings of the IEEE},
  volume={77},
  number={2},
  pages={257--286},
  year={1989},
  publisher={Ieee}
}




%word representation
@inproceedings{pennington2014glove,
  author    = {Jeffrey Pennington and
  Richard Socher and
  Christopher D. Manning},
  title     = {Glove: Global Vectors for Word Representation},
  booktitle = {Proceedings of the 2014 Conference on Empirical Methods in Natural
  Language Processing, {EMNLP} 2014, October 25-29, 2014, Doha, Qatar,
  {A} meeting of SIGDAT, a Special Interest Group of the {ACL}},
  pages     = {1532--1543},
  year      = {2014},
  crossref  = {DBLP:conf/emnlp/2014},
  url       = {http://aclweb.org/anthology/D/D14/D14-1162.pdf},
  timestamp = {Sat, 15 Nov 2014 14:45:18 +0100},
  biburl    = {http://dblp.uni-trier.de/rec/bib/conf/emnlp/PenningtonSM14},
  bibsource = {dblp computer science bibliography, http://dblp.org}
}

@inproceedings{mikolov2013distributed,
  author    = {Tomas Mikolov and
  Ilya Sutskever and
  Kai Chen and
  Gregory S. Corrado and
  Jeffrey Dean},
  title     = {Distributed Representations of Words and Phrases and their Compositionality},
  booktitle = {Advances in Neural Information Processing Systems 26: 27th Annual
  Conference on Neural Information Processing Systems 2013. Proceedings
  of a meeting held December 5-8, 2013, Lake Tahoe, Nevada, United States.},
  pages     = {3111--3119},
  year      = {2013},
  crossref  = {DBLP:conf/nips/2013},
  url       = {http://papers.nips.cc/paper/5021-distributed-representations-of-words-and-phrases-and-their-compositionality},
  timestamp = {Thu, 07 May 2015 20:02:01 +0200},
  biburl    = {http://dblp.uni-trier.de/rec/bib/conf/nips/MikolovSCCD13},
  bibsource = {dblp computer science bibliography, http://dblp.org}
}

@article{mikolov2013efficient,
  author    = {Tomas Mikolov and
  Kai Chen and
  Greg Corrado and
  Jeffrey Dean},
  title     = {Efficient Estimation of Word Representations in Vector Space},
  journal   = {CoRR},
  volume    = {abs/1301.3781},
  year      = {2013},
  url       = {http://arxiv.org/abs/1301.3781},
  timestamp = {Thu, 07 May 2015 20:02:01 +0200},
  biburl    = {http://dblp.uni-trier.de/rec/bib/journals/corr/abs-1301-3781},
  bibsource = {dblp computer science bibliography, http://dblp.org}
}

@article{bengio2003neural,
  author    = {Yoshua Bengio and
  R{\'{e}}jean Ducharme and
  Pascal Vincent and
  Christian Janvin},
  title     = {A Neural Probabilistic Language Model},
  journal   = {Journal of Machine Learning Research},
  volume    = {3},
  pages     = {1137--1155},
  year      = {2003},
  url       = {http://www.jmlr.org/papers/v3/bengio03a.html},
  timestamp = {Thu, 05 Feb 2004 13:43:02 +0100},
  biburl    = {http://dblp.uni-trier.de/rec/bib/journals/jmlr/BengioDVJ03},
  bibsource = {dblp computer science bibliography, http://dblp.org}
}


%english named entity
@inproceedings{ratinov2009design,
	title={Design challenges and misconceptions in named entity recognition},
	author={Ratinov, Lev and Roth, Dan},
	booktitle={Proceedings of the Thirteenth Conference on Computational Natural Language Learning},
	pages={147--155},
	year={2009},
	organization={Association for Computational Linguistics}
}

@inproceedings{hammerton2003conll,
	author     = "James Hammerton",
	title      = "Named Entity Recognition with Long Short-Term Memory",
	booktitle  = "Proceedings of CoNLL-2003",
	editor     = "Walter Daelemans and Miles Osborne",
	publisher  = "Edmonton, Canada",
	pages      = "172--175",
	year       = "2003"
}

@inproceedings{mayfield2003conll,
	author     = "James Mayfield and Paul McNamee and Christine Piatko",
	title      = "Named Entity Recognition using Hundreds of Thousands 
	of Features",
	booktitle  = "Proceedings of CoNLL-2003",
	editor     = "Walter Daelemans and Miles Osborne",
	publisher  = "Edmonton, Canada",
	pages      = "184--187",
	year       = "2003"
}


@inproceedings{mccallum2003conll,
	author     = "Andrew McCallum and Wei Li",
	title      = "Early results for Named Entity Recognition with 
	Conditional Random Fields, Feature Induction and 
	Web-Enhanced Lexicons",
	booktitle  = "Proceedings of CoNLL-2003",
	editor     = "Walter Daelemans and Miles Osborne",
	publisher  = "Edmonton, Canada",
	pages      = "188--191",
	year       = "2003"
}

@inproceedings{chieu2002named,
   author     = "Chieu, Hai Leong and Ng, Hwee Tou",
title      = "Named Entity Recognition with a Maximum Entropy Approach",
booktitle  = "Proceedings of CoNLL-2003",
editor     = "Walter Daelemans and Miles Osborne",
publisher  = "Edmonton, Canada",
pages      = "160--163",
year       = "2003"
}

@inproceedings{zhou2002named,
  title={Named entity recognition using an HMM-based chunk tagger},
  author={Zhou, GuoDong and Su, Jian},
  booktitle={proceedings of the 40th Annual Meeting on Association for Computational Linguistics},
  pages={473--480},
  year={2002},
  organization={Association for Computational Linguistics}
}

@inproceedings{tjong2003introduction,
  title={Introduction to the CoNLL-2003 shared task: Language-independent named entity recognition},
  author={Tjong Kim Sang, Erik F and De Meulder, Fien},
  booktitle={Proceedings of the seventh conference on Natural language learning at HLT-NAACL 2003-Volume 4},
  pages={142--147},
  year={2003},
  organization={Association for Computational Linguistics}
}


@inproceedings{grishman1996message,
	title={Message Understanding Conference-6: A Brief History.},
	author={Grishman, Ralph and Sundheim, Beth},
	booktitle={Coling},
	volume={96},
	pages={466--471},
	year={1996}
}

@article{chiu2015named,
  author    = {Jason P. C. Chiu and
  Eric Nichols},
  title     = {Named Entity Recognition with Bidirectional LSTM-CNNs},
  journal   = {{TACL}},
  volume    = {4},
  pages     = {357--370},
  year      = {2016},
  url       = {https://transacl.org/ojs/index.php/tacl/article/view/792},
  timestamp = {Tue, 09 Aug 2016 14:51:08 +0200},
  biburl    = {http://dblp.uni-trier.de/rec/bib/journals/tacl/ChiuN16},
  bibsource = {dblp computer science bibliography, http://dblp.org}
}

@inproceedings{lample2016neural,
	author    = {Guillaume Lample and
	Miguel Ballesteros and
	Sandeep Subramanian and
	Kazuya Kawakami and
	Chris Dyer},
	title     = {Neural Architectures for Named Entity Recognition},
	booktitle = {{NAACL} {HLT} 2016, The 2016 Conference of the North American Chapter
	of the Association for Computational Linguistics: Human Language Technologies,
	San Diego California, USA, June 12-17, 2016},
	pages     = {260--270},
	year      = {2016},
	crossref  = {DBLP:conf/naacl/2016},
	url       = {http://aclweb.org/anthology/N/N16/N16-1030.pdf},
	timestamp = {Tue, 13 Sep 2016 20:32:15 +0200},
	biburl    = {http://dblp.uni-trier.de/rec/bib/conf/naacl/LampleBSKD16},
	bibsource = {dblp computer science bibliography, http://dblp.org}
}


%unifed tagging
@article{collobert2011natural,
  title={Natural language processing (almost) from scratch},
  author={Collobert, Ronan and Weston, Jason and Bottou, L{\'e}on and Karlen, Michael and Kavukcuoglu, Koray and Kuksa, Pavel},
  journal={Journal of Machine Learning Research},
  volume={12},
  number={Aug},
  pages={2493--2537},
  year={2011}
}


@article{wang2015unified,
  title={A unified tagging solution: Bidirectional LSTM recurrent neural network with word embedding},
  author={Wang, Peilu and Qian, Yao and Soong, Frank K and He, Lei and Zhao, Hai},
  journal={arXiv preprint arXiv:1511.00215},
  year={2015}
}

@article{ma2016end,
  title={End-to-end sequence labeling via bi-directional lstm-cnns-crf},
  author={Ma, Xuezhe and Hovy, Eduard},
  journal={arXiv preprint arXiv:1603.01354},
  year={2016}
}

@article{huang2015bidirectional,
  title={Bidirectional LSTM-CRF models for sequence tagging},
  author={Huang, Zhiheng and Xu, Wei and Yu, Kai},
  journal={arXiv preprint arXiv:1508.01991},
  year={2015}
}




% Vietnamese Named entity recognition
@article{nguyen2016text,
  title={Text normalization for named entity recognition in Vietnamese tweets},
  author={Nguyen, Vu H and Nguyen, Hien T and Snasel, Vaclav},
  journal={Computational Social Networks},
  volume={3},
  number={1},
  pages={10},
  year={2016},
  publisher={Springer}
}
@article{tran2012model,
  title={A Model of Vietnamese Person Named Entity},
  author={Tran, Mai-Vu and Le, Duc-Trong and Tran, Xuan-Tu and Nguyen, Tien-Tung},
  year={2012},
  publisher={Faculty of Computer Science, Universitas Indonesia}
}
@inproceedings{le2011lexical,
  title={Lexical word similarity for re-ranking in Vietnamese-English named entity back transliteration},
  author={Le, Thi Hoang Diem and Aw, Ai Ti},
  booktitle={Asian Language Processing (IALP), 2011 International Conference on},
  pages={197--200},
  year={2011},
  organization={IEEE}
}
@inproceedings{nguyen2015named,
  title={Named entity recognition in Vietnamese tweets},
  author={Nguyen, Vu H and Nguyen, Hien T and Snasel, Vaclav},
  booktitle={International Conference on Computational Social Networks},
  pages={205--215},
  year={2015},
  organization={Springer}
}
@article{nguyen2016approach,
  title={An Approach to Construct a Named Entity Annotated English-Vietnamese Bilingual Corpus},
  author={Nguyen, Long HB and Dinh, Dien and Tran, Phuoc},
  journal={ACM Transactions on Asian and Low-Resource Language Information Processing (TALLIP)},
  volume={16},
  number={2},
  pages={9},
  year={2016},
  publisher={ACM}
}
@article{tri43construction,
  title={CONSTRUCTION OF VIETNAMESE CORPORA FOR NAMED ENTITY RECOGNITION},
  author={Tri, TQ and Kawazoe, Ai and Dinh, Dien and Collier, Nigel},
  journal={Health},
  volume={43},
  pages={42--00}
}
@article{leerror,
  title={Error Analysis of Named Entity Translation output for Poor-Resourced Bilingual Vietnamese-French Pair},
  author={Le, Ngoc Tan and Sadat, Fatiha}
}
@article{le2016vietnamese,
  title={Vietnamese Named Entity Recognition using Token Regular Expressions and Bidirectional Inference},
  author={Le-Hong, Phuong},
  journal={arXiv preprint arXiv:1610.05652},
  year={2016}
}
@article{pan2014recognition,
  title={Recognition method of Vietnamese named entity based on conditional random fields},
  author={PAN, Qing-qing and ZHOU, Feng and YU, Zheng-tao and GUO, Jian-yi and XIAN, Yan-tuan},
  journal={Journal of Shandong University (Natural Science)},
  volume={1},
  pages={016},
  year={2014}
}
@article{hung2014building,
  title={Building English-Vietnamese Named Entity Corpus with Aligned Bilingual News Articles},
  author={Hung Ngo, Quoc and Dien, Dinh and Winiwarter, Werner},
  year={2014}
}
@inproceedings{tran2016named,
  title={Named Entity Recognition for Vietnamese Spoken Texts and Its Application in Smart Mobile Voice Interaction},
  author={Tran, Phuong-Nam and Ta, Van-Duc and Truong, Quoc-Tuan and Duong, Quang-Vu and Nguyen, Thac-Thong and Phan, Xuan-Hieu},
  booktitle={Asian Conference on Intelligent Information and Database Systems},
  pages={170--180},
  year={2016},
  organization={Springer}
}
@incollection{tran2014resolving,
  title={Resolving named entity unknown word in Chinese-Vietnamese machine translation},
  author={Tran, Phuoc and Dinh, Dien and Tran, Linh},
  booktitle={Knowledge and Systems Engineering},
  pages={273--284},
  year={2014},
  publisher={Springer}
}
@inproceedings{pham2012named,
  title={Named Entity Recognition for Vietnamese documents using semi-supervised learning method of CRFs with Generalized Expectation Criteria},
  author={Pham, Thi-Ngan and Nguyen, Le Minh and Ha, Quang-Thuy},
  booktitle={Asian Language Processing (IALP), 2012 International Conference on},
  pages={85--88},
  year={2012},
  organization={IEEE}
}
@inproceedings{le2013named,
  title={Named entity recognition in Vietnamese text using label propagation},
  author={Le, Huong Thanh and Sam, Rathany Chan and Nguyen, Hoan Cong and Nguyen, Thuy Thanh},
  booktitle={Soft Computing and Pattern Recognition (SoCPaR), 2013 International Conference of},
  pages={366--370},
  year={2013},
  organization={IEEE}
}
@article{yandanhui2014identification,
  title={Identification of a rule-based Vietnamese named entity},
  author={YanDanhui, BiYude},
  journal={Journal of Chinese Information Processing},
  year={2014}
}
@inproceedings{pham2015semi,
  title={Semi-supervised learning for Vietnamese named entity recognition using online conditional random fields},
  author={Pham, Quang H and Nguyen, Minh-Le and Nguyen, Binh T and Cuong, Nguyen Viet},
  booktitle={Proceedings of NEWS 2015 the fifth named entities workshop},
  pages={53--8},
  year={2015}
}
@article{ngo2014building,
  title={Building English-Vietnamese named entity corpus with aligned bilingual news articles},
  author={Ngo, Quoc Hung and Dien, Dinh and Winiwarter, Werner},
  journal={COLING 2014},
  pages={85},
  year={2014}
}
@inproceedings{nguyen2007named,
  title={Named entity recognition in Vietnamese free--text and web documents using CRFs},
  author={Nguyen, CT and Tran, TO and Phan, XH and Thuy, HQ},
  booktitle={The Workshop on Asian Applied Natural Language Processing and Language Resource Development},
  year={2007}
}
@inproceedings{pham2012minh,
  title={Le Minh Nguyen, and Quang-Thuy Ha. 2012. Named entity recognition for Vietnamese documents using semi-supervised learning method of CRFs with generalized expectation criteria},
  author={Pham, Thi-Ngan},
  booktitle={Proceedings of the 2012 International Conference on Asian Language Processing},
  pages={85--88}
}
@article{quoc2007named,
  title={Named entity recognition in vietnamese documents},
  author={Quoc, T Tran and Xuan, T Pham Thi and Ngo, QH and Dinh, Dien and Collier, Nigel},
  journal={Progress Informatics},
  volume={4},
  year={2007}
}
@inproceedings{le2011integrated,
  title={An integrated approach using conditional random fields for named entity recognition and person property extraction in vietnamese text},
  author={Le, Hoang-Quynh and Tran, Mai-Vu and Bui, Nhat-Nam and Phan, Nguyen-Cuong and Ha, Quang-Thuy},
  booktitle={Asian Language Processing (IALP), 2011 International Conference on},
  pages={115--118},
  year={2011},
  organization={IEEE}
}
@article{tran2012model,
  title={A model of vietnamese person named entity question answering system},
  author={Tran, Mai Vu and Le, Duc Trong and Tran, Xuan Tu and Nguyen, Tien Tung},
  year={2012},
  publisher={2012/11/7}
}
@inproceedings{nguyen2012linguistically,
  title={Linguistically motivated and ontological features for Vietnamese named entity recognition},
  author={Nguyen, Truc-Vien T and Cao, Tru H},
  booktitle={Computing and Communication Technologies, Research, Innovation, and Vision for the Future (RIVF), 2012 IEEE RIVF International Conference on},
  pages={1--6},
  year={2012},
  organization={IEEE}
}
@inproceedings{vo2012hybrid,
  title={A hybrid approach of pattern extraction and semi-supervised learning for vietnamese named entity recognition},
  author={Vo, Duc-Thuan and Ock, Cheol-Young},
  booktitle={International Conference on Computational Collective Intelligence},
  pages={83--93},
  year={2012},
  organization={Springer}
}
@inproceedings{nguyen2012ripple,
  title={Ripple down rules for Vietnamese named entity recognition},
  author={Nguyen, Dat Ba and Pham, Son Bao},
  booktitle={International Conference on Computational Collective Intelligence},
  pages={354--363},
  year={2012},
  organization={Springer}
}
@inproceedings{sam2011combining,
  title={Combining proper name-coreference with conditional random fields for semi-supervised named entity recognition in Vietnamese text},
  author={Sam, Rathany Chan and Le, Huong Thanh and Nguyen, Thuy Thanh and Nguyen, Thien Huu},
  booktitle={Pacific-Asia Conference on Knowledge Discovery and Data Mining},
  pages={512--524},
  year={2011},
  organization={Springer}
}
@inproceedings{le2014bootstrapping,
  title={Bootstrapping and rule-based model for recognizing Vietnamese named entity},
  author={Le Trung, Hieu and Le Anh, Vu and Le Trung, Kien},
  booktitle={Asian Conference on Intelligent Information and Database Systems},
  pages={167--176},
  year={2014},
  organization={Springer}
}
@inproceedings{thao2007construction,
  title={Construction of Vietnamese corpora for named entity recognition},
  author={Thao, Pham TX and Tri, Tran Quoc and Kawazoe, Ai and Dinh, Dien and Collier, Nigel},
  booktitle={Large Scale Semantic Access to Content (Text, Image, Video, and Sound)},
  pages={719--724},
  year={2007},
  organization={LE CENTRE DE HAUTES ETUDES INTERNATIONALES D'INFORMATIQUE DOCUMENTAIRE}
}
@article{thao2007named,
	title={Named entity recognition in Vietnamese using classifier voting},
	author={Thao, Pham Thi Xuan and Tri, Tran Quoc and Dien, Dinh and Collier, Nigel},
	journal={ACM Transactions on Asian Language Information Processing (TALIP)},
	volume={6},
	number={4},
	pages={3},
	year={2007},
	publisher={ACM}
}
@inproceedings{tu2005named,
  title={Named entity recognition in Vietnamese free-text and web documents using conditional random fields},
  author={Tu, Nguyen Cam and Oanh, Tran Thi and Hieu, Phan Xuan and Thuy, Ha Quang},
  booktitle={The 8th Conference on Some selection problems of Information Technology and Telecommunication},
  year={2005},
  organization={Citeseer}
}
@inproceedings{nguyen2010named,
  title={Named entity recognition for Vietnamese},
  author={Nguyen, Dat Ba and Hoang, Son Huu and Pham, Son Bao and Nguyen, Thai Phuong},
  booktitle={Asian Conference on Intelligent Information and Database Systems},
  pages={205--214},
  year={2010},
  organization={Springer}
}
@article{tran2007named,
  title={Named entity recognition in Vietnamese documents},
  author={Tran, Q Tri and Pham, TX Thao and Ngo, Q Hung and Dinh, Dien and Collier, Nigel},
  journal={Progress in Informatics Journal},
  volume={5},
  pages={14--17},
  year={2007}
}

%tools
@article{team2deeplearning4j,
	title={Deeplearning4j: Open-source distributed deep learning for the JVM},
	author={Team, DJD},
	journal={Apache Software Foundation License},
	volume={2}
}
