@inproceedings{sutskever2014sequence,
	title={Sequence to sequence learning with neural networks},
	author={Sutskever, Ilya and Vinyals, Oriol and Le, Quoc V},
	booktitle={Advances in neural information processing systems},
	pages={3104--3112},
	year={2014}
}

@book{Goodfellow-et-al-2016,
	title={Deep Learning},
	author={Ian Goodfellow and Yoshua Bengio and Aaron Courville},
	publisher={MIT Press},
	note={\url{http://www.deeplearningbook.org}},
	year={2016}
}

@book{graves2012supervised,
	author    = {Alex Graves},
	title     = {Supervised Sequence Labelling with Recurrent Neural Networks},
	series    = {Studies in Computational Intelligence},
	volume    = {385},
	publisher = {Springer},
	year      = {2012}
}

%lstm
@article{elman1990finding,
	title={Finding structure in time},
	author={Elman, Jeffrey L},
	journal={Cognitive science},
	volume={14},
	number={2},
	pages={179--211},
	year={1990},
	publisher={Wiley Online Library}
}

@inproceedings{jordan1986attractor,
	title={Attractor dynamics and parallelism in a connectionist sequential machine},
	author={Jordan, Michael},
	booktitle={Proc. 8th Annu. Conf. of the Cognitive Science Society, 1986},
	year={1986}
}


@article{bengio1994learning,
	author    = {Yoshua Bengio and
	Patrice Y. Simard and
	Paolo Frasconi},
	title     = {Learning long-term dependencies with gradient descent is difficult},
	journal   = {{IEEE} Trans. Neural Networks},
	volume    = {5},
	number    = {2},
	pages     = {157--166},
	year      = {1994},
}


@article{hochreiter1997long,
	author    = {Sepp Hochreiter and
	J{\"{u}}rgen Schmidhuber},
	title     = {Long Short-Term Memory},
	journal   = {Neural Computation},
	volume    = {9},
	number    = {8},
	pages     = {1735--1780},
	year      = {1997},
}

@article{gers2001lstm,
	author    = {Felix A. Gers and
	J{\"{u}}rgen Schmidhuber},
	title     = {{LSTM} recurrent networks learn simple context-free and context-sensitive
	languages},
	journal   = {{IEEE} Trans. Neural Networks},
	volume    = {12},
	number    = {6},
	pages     = {1333--1340},
	year      = {2001},
}

@article{gers2000learning,
	author    = {Felix A. Gers and
	J{\"{u}}rgen Schmidhuber and
	Fred A. Cummins},
	title     = {Learning to Forget: Continual Prediction with {LSTM}},
	journal   = {Neural Computation},
	volume    = {12},
	number    = {10},
	pages     = {2451--2471},
	year      = {2000},
}

@article{gers2002learning,
	author    = {Felix A. Gers and
	Nicol N. Schraudolph and
	J{\"{u}}rgen Schmidhuber},
	title     = {Learning Precise Timing with {LSTM} Recurrent Networks},
	journal   = {Journal of Machine Learning Research},
	volume    = {3},
	pages     = {115--143},
	year      = {2002},
}