@article{nadeau2007survey,
	title={A survey of named entity recognition and classification},
	author={Nadeau, David and Sekine, Satoshi},
	journal={Lingvisticae Investigationes},
	volume={30},
	number={1},
	pages={3--26},
	year={2007},
	publisher={John Benjamins publishing company}
}

@inproceedings{liao2009simple,
	title={A simple semi-supervised algorithm for named entity recognition},
	author={Liao, Wenhui and Veeramachaneni, Sriharsha},
	booktitle={Proceedings of the NAACL HLT 2009 Workshop on Semi-Supervised Learning for Natural Language Processing},
	pages={58--65},
	year={2009},
	organization={Association for Computational Linguistics}
}

@inproceedings{klein2003conll,
	author     = "Dan Klein and Joseph Smarr and Huy Nguyen and 
	Christopher D. Manning",
	title      = "Named Entity Recognition with Character-Level Models",
	booktitle  = "Proceedings of CoNLL-2003",
	publisher  = "Edmonton, Canada",
	pages      = "180--183",
	year       = "2003"
}

@inproceedings{bender2003conll,
	author     = "Oliver Bender and Och, Franz Josef and Hermann Ney",
	title      = "Maximum Entropy Models for Named Entity Recognition",
	booktitle  = "Proceedings of CoNLL-2003",
	publisher  = "Edmonton, Canada",
	pages      = "148--151",
	year       = "2003"
}

@article{collobert2011natural,
	title={Natural language processing (almost) from scratch},
	author={Collobert, Ronan and Weston, Jason and Bottou, L{\'e}on and Karlen, Michael and Kavukcuoglu, Koray and Kuksa, Pavel},
	journal={Journal of Machine Learning Research},
	volume={12},
	number={Aug},
	pages={2493--2537},
	year={2011}
}


@article{wang2015unified,
	title={A unified tagging solution: Bidirectional LSTM recurrent neural network with word embedding},
	author={Wang, Peilu and Qian, Yao and Soong, Frank K and He, Lei and Zhao, Hai},
	journal={arXiv preprint arXiv:1511.00215},
	year={2015}
}

@article{ma2016end,
	title={End-to-end sequence labeling via bi-directional lstm-cnns-crf},
	author={Ma, Xuezhe and Hovy, Eduard},
	journal={arXiv preprint arXiv:1603.01354},
	year={2016}
}

@article{huang2015bidirectional,
	title={Bidirectional LSTM-CRF models for sequence tagging},
	author={Huang, Zhiheng and Xu, Wei and Yu, Kai},
	journal={arXiv preprint arXiv:1508.01991},
	year={2015}
}

@inproceedings{ratinov2009design,
	title={Design challenges and misconceptions in named entity recognition},
	author={Ratinov, Lev and Roth, Dan},
	booktitle={Proceedings of the Thirteenth Conference on Computational Natural Language Learning},
	pages={147--155},
	year={2009},
	organization={Association for Computational Linguistics}
}

@inproceedings{hammerton2003conll,
	author     = "James Hammerton",
	title      = "Named Entity Recognition with Long Short-Term Memory",
	booktitle  = "Proceedings of CoNLL-2003",
	publisher  = "Edmonton, Canada",
	pages      = "172--175",
	year       = "2003"
}

@inproceedings{mayfield2003conll,
	author     = "James Mayfield and Paul McNamee and Christine Piatko",
	title      = "Named Entity Recognition using Hundreds of Thousands 
	of Features",
	booktitle  = "Proceedings of CoNLL-2003",
	publisher  = "Edmonton, Canada",
	pages      = "184--187",
	year       = "2003"
}


@inproceedings{mccallum2003conll,
	author     = "Andrew McCallum and Wei Li",
	title      = "Early results for Named Entity Recognition with 
	Conditional Random Fields, Feature Induction and 
	Web-Enhanced Lexicons",
	booktitle  = "Proceedings of CoNLL-2003",
	publisher  = "Edmonton, Canada",
	pages      = "188--191",
	year       = "2003"
}

@inproceedings{chieu2002named,
   author     = "Chieu, Hai Leong and Ng, Hwee Tou",
title      = "Named Entity Recognition with a Maximum Entropy Approach",
booktitle  = "Proceedings of CoNLL-2003",
publisher  = "Edmonton, Canada",
pages      = "160--163",
year       = "2003"
}

@inproceedings{zhou2002named,
  title={Named entity recognition using an HMM-based chunk tagger},
  author={Zhou, GuoDong and Su, Jian},
  booktitle={proceedings of the 40th Annual Meeting on Association for Computational Linguistics},
  pages={473--480},
  year={2002},
  organization={Association for Computational Linguistics}
}

@inproceedings{tjong2003introduction,
  title={Introduction to the CoNLL-2003 shared task: Language-independent named entity recognition},
  author={Tjong Kim Sang, Erik F and De Meulder, Fien},
  booktitle={Proceedings of the seventh conference on Natural language learning at HLT-NAACL 2003-Volume 4},
  pages={142--147},
  year={2003},
  organization={Association for Computational Linguistics}
}


@inproceedings{grishman1996message,
	title={Message Understanding Conference-6: A Brief History.},
	author={Grishman, Ralph and Sundheim, Beth},
	booktitle={Coling},
	volume={96},
	pages={466--471},
	year={1996}
}

@article{chiu2015named,
  author    = {Jason P. C. Chiu and
  Eric Nichols},
  title     = {Named Entity Recognition with Bidirectional LSTM-CNNs},
  journal   = {{TACL}},
  volume    = {4},
  pages     = {357--370},
  year      = {2016},
}

@inproceedings{lample2016neural,
	author    = {Guillaume Lample and
	Miguel Ballesteros and
	Sandeep Subramanian and
	Kazuya Kawakami and
	Chris Dyer},
	title     = {Neural Architectures for Named Entity Recognition},
	booktitle = {{NAACL} {HLT} 2016, The 2016 Conference of the North American Chapter
	of the Association for Computational Linguistics: Human Language Technologies,
	San Diego California, USA, June 12-17, 2016},
	pages     = {260--270},
	year      = {2016},
}