@inproceedings{bender2003conll,
	author     = "Oliver Bender and Och, Franz Josef and Hermann Ney",
	title      = "Maximum Entropy Models for Named Entity Recognition",
	booktitle  = "Proceedings of the Seventh Conference on Natural Language Learning",
	pages      = "148--151",
	year       = "2003"
}


@article{bengio2003neural,
	author    = {Yoshua Bengio and
	R{\'{e}}jean Ducharme and
	Pascal Vincent and
	Christian Janvin},
	title     = {A Neural Probabilistic Language Model},
	journal   = {Journal of Machine Learning Research},
	volume    = {3},
	pages     = {1137--1155},
	year      = {2003},
}

@article{bengio1994learning,
	author    = {Yoshua Bengio and
	Patrice Y. Simard and
	Paolo Frasconi},
	title     = {Learning long-term dependencies with gradient descent is difficult},
	journal   = {{IEEE} Transactions on Neural Networks},
	volume    = {5},
	number    = {2},
	pages     = {157--166},
	year      = {1994},
}

@inproceedings{budi2003association,
	title={Association rules mining for name entity recognition},
	author={Budi, Indra and Bressan, St{\'e}phane},
	booktitle={Proceedings of the Fourth International Conference on Web Information Systems Engineering},
	pages={325--328},
	year={2003},
	organization={IEEE}
}


@article{chiu2015named,
	author    = {Jason P. C. Chiu and
	Eric Nichols},
	title     = {Named Entity Recognition with Bidirectional LSTM-CNNs},
	journal   = {Transactions of the Association for Computational Linguistics },
	volume    = {4},
	pages     = {357--370},
	year      = {2016},
}

@article{collobert2011natural,
	title={Natural language processing (almost) from scratch},
	author={Collobert, Ronan and Weston, Jason and Bottou, L{\'e}on and Karlen, Michael and Kavukcuoglu, Koray and Kuksa, Pavel},
	journal={Journal of Machine Learning Research},
	volume={12},
	number={Aug},
	pages={2493--2537},
	year={2011}
}

@article{cortes1995support,
	author    = {Corinna Cortes and
	Vladimir Vapnik},
	title     = {Support-Vector Networks},
	journal   = {Machine Learning},
	volume    = {20},
	number    = {3},
	pages     = {273--297},
	year      = {1995},
}

@article{elman1990finding,
	title={Finding structure in time},
	author={Elman, Jeffrey L},
	journal={Cognitive science},
	volume={14},
	number={2},
	pages={179--211},
	year={1990},
	publisher={Wiley Online Library}
}


@article{forney1973viterbi,
	title={The viterbi algorithm},
	author={Forney, G David},
	journal={Proceedings of the IEEE},
	volume={61},
	number={3},
	pages={268--278},
	year={1973},
	publisher={IEEE}
}

@article{gers2000learning,
	author    = {Felix A. Gers and
	J{\"{u}}rgen Schmidhuber and
	Fred A. Cummins},
	title     = {Learning to Forget: Continual Prediction with {LSTM}},
	journal   = {Neural Computation},
	volume    = {12},
	number    = {10},
	pages     = {2451--2471},
	year      = {2000},
}

@article{gers2002learning,
	author    = {Felix A. Gers and
	Nicol N. Schraudolph and
	J{\"{u}}rgen Schmidhuber},
	title     = {Learning Precise Timing with {LSTM} Recurrent Networks},
	journal   = {Journal of Machine Learning Research},
	volume    = {3},
	pages     = {115--143},
	year      = {2002},
}

@inproceedings{glorot2010understanding,
	title={Understanding the difficulty of training deep feedforward neural networks},
	author={Glorot, Xavier and Bengio, Yoshua},
	booktitle={International Conference on Artificial Intelligence and Statistics},
	pages={249--256},
	year={2010}
}

@book{graves2012supervised,
	author    = {Alex Graves},
	title     = {Supervised Sequence Labelling with Recurrent Neural Networks},
	publisher = {Springer},
	year      = {2012}
}


@inproceedings{grishman1996message,
	title={Message Understanding Conference-6: A Brief History},
	author={Grishman, Ralph and Sundheim, Beth},
	booktitle={Proceedings
	of the International Conference on Computational Linguistics},
	volume={96},
	pages={466--471},
	year={1996}
}


@article{guiasu1985principle,
	title={The principle of maximum entropy},
	author={Guiasu, Silviu and Shenitzer, Abe},
	journal={The mathematical intelligencer},
	volume={7},
	number={1},
	pages={42--48},
	year={1985},
}


@inproceedings{hammerton2003conll,
	author     = "Hammerton, James",
	title      = "Named Entity Recognition with Long Short-Term Memory",
	booktitle  = "Proceedings of the Seventh Conference on Natural Language Learning",
	pages      = "172--175",
	year       = "2003"
}

@article{hochreiter1997long,
	author    = {Sepp Hochreiter and
	J{\"{u}}rgen Schmidhuber},
	title     = {Long Short-Term Memory},
	journal   = {Neural Computation},
	volume    = {9},
	number    = {8},
	pages     = {1735--1780},
	year      = {1997},
}

@article{jordan1986attractor,
	title={Attractor dynamics and parallelism in a connectionist sequential machine},
	author={Jordan, Michael},
	journal={Artificial neural networks},
	pages={112--127},
	publisher={IEEE Press},
	year={1990}
}

@inproceedings{klein2003conll,
	author     = "Dan Klein and Joseph Smarr and Huy Nguyen and 
	Christopher D. Manning",
	title      = "Named Entity Recognition with Character-Level Models",
	booktitle  = "Proceedings of the Seventh Conference on Natural Language Learning",
	pages      = "180--183",
	year       = "2003"
}


@inproceedings{CRF-ICML:01,
	author    = {John D. Lafferty and
	Andrew McCallum and
	Fernando C. N. Pereira},
	title     = {Conditional Random Fields: Probabilistic Models for Segmenting and
	Labeling Sequence Data},
	booktitle = {Proceedings of the Eighteenth International Conference on Machine	Learning},
	pages     = {282--289},
	year      = {2001},
}


@inproceedings{lample2016neural,
	author    = {Guillaume Lample and
	Miguel Ballesteros and
	Sandeep Subramanian and
	Kazuya Kawakami and
	Chris Dyer},
	title     = {Neural Architectures for Named Entity Recognition},
	booktitle = {Proceedings of the 2016 Conference of the North American Chapter of the Association for Computational Linguistics: Human Language Technologies},
	pages     = {260--270},
	year      = {2016},
}

@inproceedings{le2008hybrid,
	title={A hybrid approach to word segmentation of Vietnamese texts},
	author={Le-Hong, Phuong and Nguyen, Thi Minh Huyen and Roussanaly, Azim and H{\^o} ,Tuong Vinh},
	booktitle={Proceedings of the second International Conference on Language and Automata Theory and Applications},
	pages={240--249},
	year={2008},
}

@inproceedings{le2011integrated,
	title={An integrated approach using conditional random fields for named entity recognition and person property extraction in vietnamese text},
	author={Le, Hoang-Quynh and Tran, Mai-Vu and Bui, Nhat-Nam and Phan, Nguyen-Cuong and Ha, Quang-Thuy},
	booktitle={2011 International Conference on Asian Language Processing},
	pages={115--118},
	year={2011},
}

@article{le2016vietnamese,
	title={Vietnamese Named Entity Recognition using Token Regular Expressions and Bidirectional Inference},
	author={Le-Hong, Phuong},
	journal   = {The Fourth International Workshop on Vietnamese language and speech processing},
	year      = {2016},
}

@inproceedings{liao2009simple,
	author    = {Liao, Wenhui  and  Veeramachaneni, Sriharsha},
	title     = {A Simple Semi-supervised Algorithm For Named Entity Recognition},
	booktitle = {Proceedings of the NAACL HLT 2009 Workshop on Semi-supervised Learning for Natural Language Processing},
	pages={58--65},
	year={2009},
}



@inproceedings{mayfield2003conll,
	author     = "James Mayfield and Paul McNamee and Christine Piatko",
	title      = "Named Entity Recognition using Hundreds of Thousands 
	of Features",
	booktitle  = "Proceedings of the Seventh Conference on Natural Language Learning",
	pages      = "184--187",
	year       = "2003"
}

@inproceedings{mccallum2000maximum,
	author    = {Andrew McCallum and
	Dayne Freitag and
	Fernando C. N. Pereira},
	title     = {Maximum Entropy Markov Models for Information Extraction and Segmentation},
	booktitle = {Proceedings of the Seventeenth International Conference on Machine	Learning},
	pages     = {591--598},
	year      = {2000},
}

@inproceedings{mccallum2003conll,
	author     = "Andrew McCallum and Wei Li",
	title      = "Early results for Named Entity Recognition with 
	Conditional Random Fields, Feature Induction and 
	Web-Enhanced Lexicons",
	booktitle  = "Proceedings of the Seventh Conference on Natural Language Learning",
	pages      = "188--191",
	year       = "2003"
}

@inproceedings{mikolov2013distributed,
	title = {Distributed Representations of Words and Phrases and their Compositionality},
	author = {Mikolov, Tomas and Sutskever, Ilya and Chen, Kai and Corrado, Greg S and Dean, Jeff},
	booktitle = {Advances in Neural Information Processing Systems 26},
	pages = {3111--3119},
	year = {2013},
}

@article{nadeau2007survey,
	title={A survey of named entity recognition and classification},
	author={Nadeau, David and Sekine, Satoshi},
	journal={Lingvisticae Investigationes},
	volume={30},
	number={1},
	pages={3--26},
	year={2007},
	publisher={John Benjamins publishing company}
}

@misc{nguyen2010jvntextpro,
	title={Jvntextpro: A java-based vietnamese text processing tool},
	author={Nguyen, Cam-Tu and Phan, Xuan-Hieu and Nguyen, Thu-Trang},
	year={2010}
}

@article{nguyen2007named,
	title={Named entity recognition in Vietnamese free--text and web documents using CRFs},
	author={Nguyen, CT and Tran, TO and Phan, XH and Thuy, HQ},
	journal={The Workshop on Asian Applied Natural Language Processing and Language Resource Development},
	year={2007}
}

@article{nguyen2007vn,
	title={VN-KIM IE: Automatic extraction of Vietnamese named-entities on the web},
	author={Nguyen, Truc-Vien T and Cao, Tru H},
	journal={New Generation Computing},
	volume={25},
	number={3},
	pages={277--292},
	year={2007},
	publisher={Springer}
}

@inproceedings{nguyen2012ripple,
	title={Ripple Down Rules for Vietnamese Named Entity Recognition},
	author={Nguyen, Dat Ba and Pham, Son Bao},
	booktitle={Proceedings of the 4th International conference on Computational Collective Intelligence},
	pages={354--363},
	year={2012},
	organization={Springer}
}

@inproceedings{nguyen2010named,
	title={Named entity recognition for Vietnamese},
	author={Nguyen, Dat Ba and Hoang, Son Huu and Pham, Son Bao and Nguyen, Thai Phuong},
	booktitle={Proceedings of the Second International conference on Intelligent information and Database systems},
	pages={205--214},
	year={2010},
	organization={Springer}
}

@inproceedings{pennington2014glove,
	author    = {Pennington, Jeffrey  and  Socher, Richard  and  Manning, Christopher},
	title     = {Glove: Global Vectors for Word Representation},
	booktitle = {Proceedings of the 2014 Conference on Empirical Methods in Natural Language Processing (EMNLP)},
	month     = {October},
	year      = {2014},
	pages     = {1532--1543},
	url       = {http://www.aclweb.org/anthology/D14-1162}
}

@inproceedings{pham2015semi,
	author    = {Pham, Quang Hong  and  Nguyen, Minh-Le  and  Nguyen, Binh Thanh  and  Cuong, Nguyen Viet},
	title     = {Semi-supervised Learning for Vietnamese Named Entity Recognition using Online Conditional Random Fields},
	booktitle = {Proceedings of the Fifth Named Entity Workshop},
	month     = {July},
	year      = {2015},
	pages     = {50--55},
	url       = {http://www.aclweb.org/anthology/W15-3907}
}

@inproceedings{pham2012named,
	title={Named Entity Recognition for Vietnamese documents using semi-supervised learning method of CRFs with Generalized Expectation Criteria},
	author={Pham, Thi-Ngan and Nguyen, Le Minh and Ha, Quang-Thuy},
	booktitle={2012 International Conference on Asian Language Processing},
	pages={85--88},
	year={2012},
}

@article{thao2007named,
	title={Named entity recognition in Vietnamese using classifier voting},
	author={Pham, Thi Xuan Thao and Tran, Quoc Tri and Dinh, Dien and Collier, Nigel},
	journal={ACM Transactions on Asian Language Information Processing},
	volume={6},
	number={4},
	year={2007},
	publisher={ACM}
}

@inproceedings{ratinov2009design,
	title={Design challenges and misconceptions in named entity recognition},
	author={Ratinov, Lev and Roth, Dan},
	booktitle={Proceedings of the Thirteenth Conference on Computational Natural Language Learning},
	pages={147--155},
	year={2009},
}

@article{schuster1997bidirectional,
	title={Bidirectional recurrent neural networks},
	author={Schuster, Mike and Paliwal, Kuldip K},
	journal={IEEE Transactions on Signal Processing},
	volume={45},
	number={11},
	pages={2673--2681},
	year={1997},
	publisher={IEEE}
}

@inproceedings{sutskever2014sequence,
	title = {Sequence to Sequence Learning with Neural Networks},
	author = {Sutskever, Ilya and Vinyals, Oriol and Le, Quoc V},
	booktitle = {Advances in Neural Information Processing Systems 27},
	pages = {3104--3112},
	year = {2014},
}

@misc{Tieleman2012,
	title={{Lecture 6.5---RmsProp: Divide the gradient by a running average of its recent magnitude}},
	author={Tieleman, T. and Hinton, G.},
	howpublished={COURSERA: Neural Networks for Machine Learning},
	year={2012}
}

@article{tran2013vtools,
	title={vTools: Chunker and Part-of-Speech tools},
	author={Tran, Mai-Vu and Le, Duc-Trong},
	journal={The Second International Workshop on Vietnamese language and speech processing},
	year={2013}
}


@article{tran2007named,
	title={Named Entity Recognition in Vietnamese documents},
	author={Tran, Q Tri and Pham, TX Thao and Ngo, Q Hung and Dinh, Dien and Collier, Nigel},
	journal={Progress in Informatics Journal},
	volume={5},
	pages={14--17},
	year={2007}
}

@article{wang2015unified,
	title={A unified tagging solution: Bidirectional LSTM recurrent neural network with word embedding},
	author={Wang, Peilu and Qian, Yao and Soong, Frank K and He, Lei and Zhao, Hai},
	journal   = {Computing Research Repository},
	volume    = {abs/1511.00215},
	year      = {2015},
}

%---------------------------------------------------------------------

@incollection{NIPS1996_1215,
	title = {LSTM can Solve Hard Long Time Lag Problems},
	author = {Hochreiter, Sepp and Schmidhuber, Juergen},
	booktitle = {Advances in Neural Information Processing Systems 9},
	editor = {M. C. Mozer and M. I. Jordan and T. Petsche},
	pages = {473--479},
	year = {1997},
	url = {http://papers.nips.cc/paper/1215-lstm-can-solve-hard-long-time-lag-problems.pdf}
}

@article{rumelhart1986learning,
	title={Learning representations by back-propagating errors},
	author={Rumelhart, David E and Hinton, Geoffrey E and Williams, Ronald J},
	journal={Nature},
	volume={323},
	pages={533--536},
	year={1986}
}

@article{williams1995gradient,
	title={Gradient-based learning algorithms for recurrent networks and their computational complexity},
	author={Williams, Ronald J and Zipser, David},
	journal={Backpropagation: Theory, architectures, and applications},
	volume={1},
	pages={433--486},
	year={1995},
}