@article{forney1973viterbi,
	title={The viterbi algorithm},
	author={Forney, G David},
	journal={Proceedings of the IEEE},
	volume={61},
	number={3},
	pages={268--278},
	year={1973},
	publisher={IEEE}
}


@inproceedings{CRF-ICML:01,
	author    = {John D. Lafferty and
	Andrew McCallum and
	Fernando C. N. Pereira},
	title     = {Conditional Random Fields: Probabilistic Models for Segmenting and
	Labeling Sequence Data},
	booktitle = {Proceedings of the Eighteenth International Conference on Machine
	Learning {(ICML} 2001), Williams College, Williamstown, MA, USA, June
	28 - July 1, 2001},
	pages     = {282--289},
	year      = {2001},
}

@article{cortes1995support,
  author    = {Corinna Cortes and
  Vladimir Vapnik},
  title     = {Support-Vector Networks},
  journal   = {Machine Learning},
  volume    = {20},
  number    = {3},
  pages     = {273--297},
  year      = {1995},
}

@inproceedings{mccallum2000maximum,
  author    = {Andrew McCallum and
  Dayne Freitag and
  Fernando C. N. Pereira},
  title     = {Maximum Entropy Markov Models for Information Extraction and Segmentation},
  booktitle = {Proceedings of the Seventeenth International Conference on Machine
  Learning {(ICML} 2000), Stanford University, Stanford, CA, USA, June
  29 - July 2, 2000},
  pages     = {591--598},
  year      = {2000},
}

@article{guiasu1985principle,
  title={The principle of maximum entropy},
  author={Guiasu, Silviu and Shenitzer, Abe},
  journal={The mathematical intelligencer},
  volume={7},
  number={1},
  pages={42--48},
  year={1985},
  publisher={Springer}
}

@article{rabiner1989tutorial,
  title={A tutorial on hidden Markov models and selected applications in speech recognition},
  author={Rabiner, Lawrence R},
  journal={Proceedings of the IEEE},
  volume={77},
  number={2},
  pages={257--286},
  year={1989},
  publisher={IEEE}
}