@article{nguyen2016text,
  title={Text normalization for named entity recognition in Vietnamese tweets},
  author={Nguyen, Vu H and Nguyen, Hien T and Snasel, Vaclav},
  journal={Computational Social Networks},
  volume={3},
  number={1},
  pages={10},
  year={2016},
  publisher={Springer}
}
@article{tran2012model,
  title={A Model of Vietnamese Person Named Entity},
  author={Tran, Mai-Vu and Le, Duc-Trong and Tran, Xuan-Tu and Nguyen, Tien-Tung},
  year={2012},
  publisher={Faculty of Computer Science, Universitas Indonesia}
}
@inproceedings{le2011lexical,
  title={Lexical word similarity for re-ranking in Vietnamese-English named entity back transliteration},
  author={Le, Thi Hoang Diem and Aw, Ai Ti},
  booktitle={Asian Language Processing (IALP), 2011 International Conference on},
  pages={197--200},
  year={2011},
  organization={IEEE}
}
@inproceedings{nguyen2015named,
  title={Named entity recognition in Vietnamese tweets},
  author={Nguyen, Vu H and Nguyen, Hien T and Snasel, Vaclav},
  booktitle={International Conference on Computational Social Networks},
  pages={205--215},
  year={2015},
  organization={Springer}
}
@article{nguyen2016approach,
  title={An Approach to Construct a Named Entity Annotated English-Vietnamese Bilingual Corpus},
  author={Nguyen, Long HB and Dinh, Dien and Tran, Phuoc},
  journal={ACM Transactions on Asian and Low-Resource Language Information Processing (TALLIP)},
  volume={16},
  number={2},
  pages={9},
  year={2016},
  publisher={ACM}
}
@article{tri43construction,
  title={CONSTRUCTION OF VIETNAMESE CORPORA FOR NAMED ENTITY RECOGNITION},
  author={Tri, TQ and Kawazoe, Ai and Dinh, Dien and Collier, Nigel},
  journal={Health},
  volume={43},
  pages={42--00}
}
@article{leerror,
  title={Error Analysis of Named Entity Translation output for Poor-Resourced Bilingual Vietnamese-French Pair},
  author={Le, Ngoc Tan and Sadat, Fatiha}
}
@article{le2016vietnamese,
  title={Vietnamese Named Entity Recognition using Token Regular Expressions and Bidirectional Inference},
  author={Le-Hong, Phuong},
  journal={arXiv preprint arXiv:1610.05652},
  year={2016}
}
@article{pan2014recognition,
  title={Recognition method of Vietnamese named entity based on conditional random fields},
  author={PAN, Qing-qing and ZHOU, Feng and YU, Zheng-tao and GUO, Jian-yi and XIAN, Yan-tuan},
  journal={Journal of Shandong University (Natural Science)},
  volume={1},
  pages={016},
  year={2014}
}
@article{hung2014building,
  title={Building English-Vietnamese Named Entity Corpus with Aligned Bilingual News Articles},
  author={Hung Ngo, Quoc and Dien, Dinh and Winiwarter, Werner},
  year={2014}
}
@inproceedings{tran2016named,
  title={Named Entity Recognition for Vietnamese Spoken Texts and Its Application in Smart Mobile Voice Interaction},
  author={Tran, Phuong-Nam and Ta, Van-Duc and Truong, Quoc-Tuan and Duong, Quang-Vu and Nguyen, Thac-Thong and Phan, Xuan-Hieu},
  booktitle={Asian Conference on Intelligent Information and Database Systems},
  pages={170--180},
  year={2016},
  organization={Springer}
}
@incollection{tran2014resolving,
  title={Resolving named entity unknown word in Chinese-Vietnamese machine translation},
  author={Tran, Phuoc and Dinh, Dien and Tran, Linh},
  booktitle={Knowledge and Systems Engineering},
  pages={273--284},
  year={2014},
  publisher={Springer}
}
@inproceedings{pham2012named,
  title={Named Entity Recognition for Vietnamese documents using semi-supervised learning method of CRFs with Generalized Expectation Criteria},
  author={Pham, Thi-Ngan and Nguyen, Le Minh and Ha, Quang-Thuy},
  booktitle={Asian Language Processing (IALP), 2012 International Conference on},
  pages={85--88},
  year={2012},
  organization={IEEE}
}
@inproceedings{le2013named,
  title={Named entity recognition in Vietnamese text using label propagation},
  author={Le, Huong Thanh and Sam, Rathany Chan and Nguyen, Hoan Cong and Nguyen, Thuy Thanh},
  booktitle={Soft Computing and Pattern Recognition (SoCPaR), 2013 International Conference of},
  pages={366--370},
  year={2013},
  organization={IEEE}
}
@article{yandanhui2014identification,
  title={Identification of a rule-based Vietnamese named entity},
  author={YanDanhui, BiYude},
  journal={Journal of Chinese Information Processing},
  year={2014}
}
@inproceedings{pham2015semi,
  title={Semi-supervised learning for Vietnamese named entity recognition using online conditional random fields},
  author={Pham, Quang H and Nguyen, Minh-Le and Nguyen, Binh T and Cuong, Nguyen Viet},
  booktitle={Proceedings of NEWS 2015 the fifth named entities workshop},
  pages={53--8},
  year={2015}
}
@article{ngo2014building,
  title={Building English-Vietnamese named entity corpus with aligned bilingual news articles},
  author={Ngo, Quoc Hung and Dien, Dinh and Winiwarter, Werner},
  journal={COLING 2014},
  pages={85},
  year={2014}
}
@inproceedings{nguyen2007named,
  title={Named entity recognition in Vietnamese free--text and web documents using CRFs},
  author={Nguyen, CT and Tran, TO and Phan, XH and Thuy, HQ},
  booktitle={The Workshop on Asian Applied Natural Language Processing and Language Resource Development},
  year={2007}
}
@inproceedings{pham2012minh,
  title={Le Minh Nguyen, and Quang-Thuy Ha. 2012. Named entity recognition for Vietnamese documents using semi-supervised learning method of CRFs with generalized expectation criteria},
  author={Pham, Thi-Ngan},
  booktitle={Proceedings of the 2012 International Conference on Asian Language Processing},
  pages={85--88}
}
@article{quoc2007named,
  title={Named entity recognition in vietnamese documents},
  author={Quoc, T Tran and Xuan, T Pham Thi and Ngo, QH and Dinh, Dien and Collier, Nigel},
  journal={Progress Informatics},
  volume={4},
  year={2007}
}
@inproceedings{le2011integrated,
  title={An integrated approach using conditional random fields for named entity recognition and person property extraction in vietnamese text},
  author={Le, Hoang-Quynh and Tran, Mai-Vu and Bui, Nhat-Nam and Phan, Nguyen-Cuong and Ha, Quang-Thuy},
  booktitle={Asian Language Processing (IALP), 2011 International Conference on},
  pages={115--118},
  year={2011},
  organization={IEEE}
}
@article{tran2012model,
  title={A model of vietnamese person named entity question answering system},
  author={Tran, Mai Vu and Le, Duc Trong and Tran, Xuan Tu and Nguyen, Tien Tung},
  year={2012},
  publisher={2012/11/7}
}
@inproceedings{nguyen2012linguistically,
  title={Linguistically motivated and ontological features for Vietnamese named entity recognition},
  author={Nguyen, Truc-Vien T and Cao, Tru H},
  booktitle={Computing and Communication Technologies, Research, Innovation, and Vision for the Future (RIVF), 2012 IEEE RIVF International Conference on},
  pages={1--6},
  year={2012},
  organization={IEEE}
}
@inproceedings{vo2012hybrid,
  title={A hybrid approach of pattern extraction and semi-supervised learning for vietnamese named entity recognition},
  author={Vo, Duc-Thuan and Ock, Cheol-Young},
  booktitle={International Conference on Computational Collective Intelligence},
  pages={83--93},
  year={2012},
  organization={Springer}
}
@inproceedings{nguyen2012ripple,
  title={Ripple down rules for Vietnamese named entity recognition},
  author={Nguyen, Dat Ba and Pham, Son Bao},
  booktitle={International Conference on Computational Collective Intelligence},
  pages={354--363},
  year={2012},
  organization={Springer}
}
@inproceedings{sam2011combining,
  title={Combining proper name-coreference with conditional random fields for semi-supervised named entity recognition in Vietnamese text},
  author={Sam, Rathany Chan and Le, Huong Thanh and Nguyen, Thuy Thanh and Nguyen, Thien Huu},
  booktitle={Pacific-Asia Conference on Knowledge Discovery and Data Mining},
  pages={512--524},
  year={2011},
  organization={Springer}
}
@inproceedings{le2014bootstrapping,
  title={Bootstrapping and rule-based model for recognizing Vietnamese named entity},
  author={Le Trung, Hieu and Le Anh, Vu and Le Trung, Kien},
  booktitle={Asian Conference on Intelligent Information and Database Systems},
  pages={167--176},
  year={2014},
  organization={Springer}
}
@inproceedings{thao2007construction,
  title={Construction of Vietnamese corpora for named entity recognition},
  author={Pham, TX Thao and Tran, Quoc Tri and Kawazoe, Ai and Dinh, Dien and Collier, Nigel},
  booktitle={Large Scale Semantic Access to Content (Text, Image, Video, and Sound)},
  pages={719--724},
  year={2007},
  organization={LE CENTRE DE HAUTES ETUDES INTERNATIONALES D'INFORMATIQUE DOCUMENTAIRE}
}
@article{thao2007named,
	title={Named entity recognition in Vietnamese using classifier voting},
	author={Pham, Thi Xuan Thao and Tran, Quoc Tri and Dinh, Dien and Collier, Nigel},
	journal={ACM Transactions on Asian Language Information Processing (TALIP)},
	volume={6},
	number={4},
	pages={3},
	year={2007},
	publisher={ACM}
}
@inproceedings{tu2005named,
  title={Named entity recognition in Vietnamese free-text and web documents using conditional random fields},
  author={Tu, Nguyen Cam and Oanh, Tran Thi and Hieu, Phan Xuan and Thuy, Ha Quang},
  booktitle={The 8th Conference on Some selection problems of Information Technology and Telecommunication},
  year={2005},
  organization={Citeseer}
}
@inproceedings{nguyen2010named,
  title={Named entity recognition for Vietnamese},
  author={Nguyen, Dat Ba and Hoang, Son Huu and Pham, Son Bao and Nguyen, Thai Phuong},
  booktitle={Asian Conference on Intelligent Information and Database Systems},
  pages={205--214},
  year={2010},
  organization={Springer}
}
@article{tran2007named,
  title={Named entity recognition in Vietnamese documents},
  author={Tran, Q Tri and Pham, TX Thao and Ngo, Q Hung and Dinh, Dien and Collier, Nigel},
  journal={Progress in Informatics Journal},
  volume={5},
  pages={14--17},
  year={2007}
}

@article{tran2013vtools,
	title={vTools: Chunker and Part-of-Speech tools},
	author={Mai-Vu Tran, Duc-Trong Le},
	journal={RIVF- VLSP 2013 Workshop},
	year={2013}
}

@misc{nguyen2010jvntextpro,
	title={Jvntextpro: A java-based vietnamese text processing tool},
	author={Nguyen, Cam-Tu and Phan, Xuan-Hieu and Nguyen, Thu-Trang},
	year={2010}
}
