@inproceedings{pennington2014glove,
  author    = {Jeffrey Pennington and
  Richard Socher and
  Christopher D. Manning},
  title     = {Glove: Global Vectors for Word Representation},
  booktitle = {Proceedings of the 2014 Conference on Empirical Methods in Natural
  Language Processing, {EMNLP} 2014, October 25-29, 2014, Doha, Qatar,
  {A} meeting of SIGDAT, a Special Interest Group of the {ACL}},
  pages     = {1532--1543},
  year      = {2014},
}

@inproceedings{mikolov2013distributed,
  author    = {Tomas Mikolov and
  Ilya Sutskever and
  Kai Chen and
  Gregory S. Corrado and
  Jeffrey Dean},
  title     = {Distributed Representations of Words and Phrases and their Compositionality},
  booktitle = {Advances in Neural Information Processing Systems 26: 27th Annual
  Conference on Neural Information Processing Systems 2013. Proceedings
  of a meeting held December 5-8, 2013, Lake Tahoe, Nevada, United States.},
  pages     = {3111--3119},
  year      = {2013},
}

@article{mikolov2013efficient,
  author    = {Tomas Mikolov and
  Kai Chen and
  Greg Corrado and
  Jeffrey Dean},
  title     = {Efficient Estimation of Word Representations in Vector Space},
  journal   = {CoRR},
  volume    = {abs/1301.3781},
  year      = {2013},
}

@article{bengio2003neural,
  author    = {Yoshua Bengio and
  R{\'{e}}jean Ducharme and
  Pascal Vincent and
  Christian Janvin},
  title     = {A Neural Probabilistic Language Model},
  journal   = {Journal of Machine Learning Research},
  volume    = {3},
  pages     = {1137--1155},
  year      = {2003},
}